@misc{dauphin2014identifying,
      title={Identifying and attacking the saddle point problem in high-dimensional non-convex optimization}, 
      author={Yann Dauphin and Razvan Pascanu and Caglar Gulcehre and Kyunghyun Cho and Surya Ganguli and Yoshua Bengio},
      year={2014},
      eprint={1406.2572},
      archivePrefix={arXiv},
      primaryClass={cs.LG}
}

@ARTICLE{2020SciPy-NMeth,
    author  = {Virtanen, Pauli and Gommers, Ralf and Oliphant, Travis E. and
            Haberland, Matt and Reddy, Tyler and Cournapeau, David and
            Burovski, Evgeni and Peterson, Pearu and Weckesser, Warren and
            Bright, Jonathan and {van der Walt}, St{\'e}fan J. and
            Brett, Matthew and Wilson, Joshua and Millman, K. Jarrod and
            Mayorov, Nikolay and Nelson, Andrew R. J. and Jones, Eric and
            Kern, Robert and Larson, Eric and Carey, C J and
            Polat, {\.I}lhan and Feng, Yu and Moore, Eric W. and
            {VanderPlas}, Jake and Laxalde, Denis and Perktold, Josef and
            Cimrman, Robert and Henriksen, Ian and Quintero, E. A. and
            Harris, Charles R. and Archibald, Anne M. and
            Ribeiro, Ant{\^o}nio H. and Pedregosa, Fabian and
            {van Mulbregt}, Paul and {SciPy 1.0 Contributors}},
    title   = {{{SciPy} 1.0: Fundamental Algorithms for Scientific
            Computing in Python}},
    journal = {Nature Methods},
    year    = {2020},
    volume  = {17},
    pages   = {261--272},
    adsurl  = {https://rdcu.be/b08Wh},
    doi     = {10.1038/s41592-019-0686-2},
}

@inproceedings{sutskever2013importance,
  title={On the importance of initialization and momentum in deep learning},
  author={Sutskever, Ilya and Martens, James and Dahl, George and Hinton, Geoffrey},
  booktitle={International conference on machine learning},
  pages={1139--1147},
  year={2013},
  organization={PMLR}
}

@article{wright1999numerical,
  title={Numerical optimization},
  author={Wright, Stephen and Nocedal, Jorge and others},
  journal={Springer Science},
  volume={35},
  number={67-68},
  pages={7},
  year={1999}
}

@article{liu1989limited,
  title={On the limited memory BFGS method for large scale optimization},
  author={Liu, Dong C and Nocedal, Jorge},
  journal={Mathematical programming},
  volume={45},
  number={1},
  pages={503--528},
  year={1989},
  publisher={Springer}
}

@article{THOMPSON19721,
    title = {Principal submatrices IX: Interlacing inequalities for singular values of submatrices},
    journal = {Linear Algebra and its Applications},
    volume = {5},
    number = {1},
    pages = {1-12},
    year = {1972},
    issn = {0024-3795},
    doi = {https://doi.org/10.1016/0024-3795(72)90013-4},
    url = {https://www.sciencedirect.com/science/article/pii/0024379572900134},
    author = {R.C. Thompson}
    }

@book{nocedal1999numerical,
  title={Numerical optimization},
  author={Nocedal, Jorge and Wright, Stephen J},
  year={1999},
  publisher={Springer}
}

@article{bjorck1979accelerated,
  title={Accelerated projection methods for computing pseudoinverse solutions of systems of linear equations},
  author={Bj{\"o}rck, {\AA}ke and Elfving, Tommy},
  journal={BIT Numerical Mathematics},
  volume={19},
  number={2},
  pages={145--163},
  year={1979},
  publisher={Springer}
}

@misc{shewchuk1994introduction,
  title={An introduction to the conjugate gradient method without the agonizing pain},
  author={Shewchuk, Jonathan Richard and others},
  year={1994},
  publisher={Carnegie-Mellon University. Department of Computer Science Pittsburgh}
}

@inproceedings{DBLP:conf/nips/GitmanLZX19,
  author    = {Igor Gitman and
               Hunter Lang and
               Pengchuan Zhang and
               Lin Xiao},
  editor    = {Hanna M. Wallach and
               Hugo Larochelle and
               Alina Beygelzimer and
               Florence d'Alch{\'{e}}{-}Buc and
               Emily B. Fox and
               Roman Garnett},
  title     = {Understanding the Role of Momentum in Stochastic Gradient Methods},
  booktitle = {Advances in Neural Information Processing Systems 32: Annual Conference
               on Neural Information Processing Systems 2019, NeurIPS 2019, December
               8-14, 2019, Vancouver, BC, Canada},
  pages     = {9630--9640},
  year      = {2019},
  url       = {https://proceedings.neurips.cc/paper/2019/hash/4eff0720836a198b6174eecf02cbfdbf-Abstract.html},
  timestamp = {Thu, 21 Jan 2021 15:15:20 +0100},
  biburl    = {https://dblp.org/rec/conf/nips/GitmanLZX19.bib},
  bibsource = {dblp computer science bibliography, https://dblp.org}
}

@book{DBLP:books/daglib/0040158,
  author    = {Ian J. Goodfellow and
               Yoshua Bengio and
               Aaron C. Courville},
  title     = {Deep Learning},
  series    = {Adaptive computation and machine learning},
  publisher = {{MIT} Press},
  year      = {2016},
  url       = {http://www.deeplearningbook.org/},
  isbn      = {978-0-262-03561-3},
  timestamp = {Sat, 25 Mar 2017 20:16:59 +0100},
  biburl    = {https://dblp.org/rec/books/daglib/0040158.bib},
  bibsource = {dblp computer science bibliography, https://dblp.org}
}

@misc{yang2016unified,
      title={Unified Convergence Analysis of Stochastic Momentum Methods for Convex and Non-convex Optimization}, 
      author={Tianbao Yang and Qihang Lin and Zhe Li},
      year={2016},
      eprint={1604.03257},
      archivePrefix={arXiv},
      primaryClass={math.OC}
}

@article{beckermann2001superlinear,
  title={Superlinear convergence of conjugate gradients},
  author={Beckermann, Bernhard and Kuijlaars, Arno BJ},
  journal={SIAM Journal on Numerical Analysis},
  volume={39},
  number={1},
  pages={300--329},
  year={2001},
  publisher={SIAM}
}

@book{boyd2004convex,
  title={Convex optimization},
  author={Boyd, Stephen and Boyd, Stephen P and Vandenberghe, Lieven},
  year={2004},
  publisher={Cambridge university press}
}

@InProceedings{pmlr-v28-sutskever13,
  title = 	 {On the importance of initialization and momentum in deep learning},
  author = 	 {Sutskever, Ilya and Martens, James and Dahl, George and Hinton, Geoffrey},
  booktitle = 	 {Proceedings of the 30th International Conference on Machine Learning},
  pages = 	 {1139--1147},
  year = 	 {2013},
  editor = 	 {Dasgupta, Sanjoy and McAllester, David},
  volume = 	 {28},
  series = 	 {Proceedings of Machine Learning Research},
  address = 	 {Atlanta, Georgia, USA},
  month = 	 {17--19 Jun},
  publisher =    {PMLR},
  pdf = 	 {http://proceedings.mlr.press/v28/sutskever13.pdf},
  url = 	 {https://proceedings.mlr.press/v28/sutskever13.html}
}

@article{POLYAK19641,
title = {Some methods of speeding up the convergence of iteration methods},
journal = {USSR Computational Mathematics and Mathematical Physics},
volume = {4},
number = {5},
pages = {1-17},
year = {1964},
issn = {0041-5553},
doi = {https://doi.org/10.1016/0041-5553(64)90137-5},
url = {https://www.sciencedirect.com/science/article/pii/0041555364901375},
author = {B.T. Polyak}
}